<record xmlns="http://www.loc.gov/MARC21/slim">
   <leader>03029pam a2200457 i 4500</leader>
   <controlfield tag="001">6812636</controlfield>
   <controlfield tag="003">OCoLC</controlfield>
   <controlfield tag="005">20150211112108.0</controlfield>
   <controlfield tag="008">141006s2015    nyu      b    001 0 eng  </controlfield>
   <datafield ind1=" " ind2=" " tag="010">
      <subfield code="a">  2014039552</subfield>
   </datafield>
   <datafield ind1=" " ind2=" " tag="020">
      <subfield code="a">9781583674710 (pbk.)</subfield>
   </datafield>
   <datafield ind1=" " ind2=" " tag="020">
      <subfield code="a">1583674713 (pbk.)</subfield>
   </datafield>
   <datafield ind1=" " ind2=" " tag="020">
      <subfield code="a">9781583674727 (cloth)</subfield>
   </datafield>
   <datafield ind1=" " ind2=" " tag="020">
      <subfield code="a">1583674721 (cloth)</subfield>
   </datafield>
   <datafield ind1=" " ind2=" " tag="035">
      <subfield code="a">ocn876883338</subfield>
   </datafield>
   <datafield ind1=" " ind2=" " tag="040">
      <subfield code="a">DLC</subfield>
      <subfield code="b">eng</subfield>
      <subfield code="e">rda</subfield>
      <subfield code="c">DLC</subfield>
      <subfield code="d">YDXCP</subfield>
      <subfield code="d">BTCTA</subfield>
      <subfield code="d">BDX</subfield>
      <subfield code="d">OCLCO</subfield>
      <subfield code="d">IUL</subfield>
      <subfield code="d">CDX</subfield>
      <subfield code="d">UAB</subfield>
      <subfield code="d">AEU</subfield>
   </datafield>
   <datafield ind1="1" ind2=" " tag="041">
      <subfield code="a">eng</subfield>
      <subfield code="h">spa</subfield>
   </datafield>
   <datafield ind1=" " ind2=" " tag="042">
      <subfield code="a">pcc</subfield>
   </datafield>
   <datafield ind1=" " ind2=" " tag="043">
      <subfield code="a">e-sp---</subfield>
      <subfield code="a">nwcu---</subfield>
   </datafield>
   <datafield ind1="0" ind2="0" tag="050">
      <subfield code="a">PN5319.M33</subfield>
      <subfield code="b">P355 2015</subfield>
   </datafield>
   <datafield ind1="0" ind2="0" tag="082">
      <subfield code="a">070.4/4997291</subfield>
      <subfield code="2">23</subfield>
   </datafield>
   <datafield ind1=" " ind2=" " tag="090">
      <subfield code="a">PN 5319 M33 P355 2015</subfield>
      <subfield code="b">AEU</subfield>
   </datafield>
   <datafield ind1="1" ind2=" " tag="100">
      <subfield code="a">Lamrani, Salim,</subfield>
      <subfield code="e">author.</subfield>
   </datafield>
   <datafield ind1="1" ind2="0" tag="240">
      <subfield code="a">Cuba, les médias face au défi de l'impartialité.</subfield>
      <subfield code="l">English</subfield>
   </datafield>
   <datafield ind1="1" ind2="0" tag="245">
      <subfield code="a">Cuba, the media, and the challenge of impartiality /</subfield>
      <subfield code="c">by Salim Lamrani ; translated by Larry R. Oberg ; foreword by Eduardo Galeano.</subfield>
   </datafield>
   <datafield ind1=" " ind2="1" tag="264">
      <subfield code="a">New York :</subfield>
      <subfield code="b">Monthly Review Press,</subfield>
      <subfield code="c">[2015]</subfield>
   </datafield>
   <datafield ind1=" " ind2=" " tag="300">
      <subfield code="a">160 pages ;</subfield>
      <subfield code="c">21 cm</subfield>
   </datafield>
   <datafield ind1=" " ind2=" " tag="336">
      <subfield code="a">text</subfield>
      <subfield code="b">txt</subfield>
      <subfield code="2">rdacontent</subfield>
   </datafield>
   <datafield ind1=" " ind2=" " tag="337">
      <subfield code="a">unmediated</subfield>
      <subfield code="b">n</subfield>
      <subfield code="2">rdamedia</subfield>
   </datafield>
   <datafield ind1=" " ind2=" " tag="338">
      <subfield code="a">volume</subfield>
      <subfield code="b">nc</subfield>
      <subfield code="2">rdacarrier</subfield>
   </datafield>
   <datafield ind1=" " ind2=" " tag="504">
      <subfield code="a">Includes bibliographical references and index.</subfield>
   </datafield>
   <datafield ind1="0" ind2=" " tag="505">
      <subfield code="a">Introduction -- The Ideological Shift of El País -- Daily Life in Cuba -- A Social Failure? -- The Issue of Human Rights -- The Dissidents -- Yoani Sánchez -- The Case of the Five Cuban Political Prisoners -- The Case of Alan Gross -- Cuban Emigration to the United States -- Conclusion.</subfield>
   </datafield>
   <datafield ind1=" " ind2=" " tag="520">
      <subfield code="a">"In this concise and detailed work, Salim Lamrani addresses questions of media concentration and corporate bias by examining a perennially controversial topic: Cuba. Lamrani argues that the tiny island nation is forced to contend not only with economic isolation and a U.S. blockade, but with misleading or downright hostile media coverage. He takes as his case study, El Pais, the most widely distributed Spanish daily. El Pais, property of Grupo Prisa, (the largest Spanish media conglomerate), has editions aimed at Europe, Latin America, and the U.S., making it is a global opinion leader. Lamrani wades through a swamp of reporting and uses the paper as an example of how media conglomerates distort and misrepresent life in Cuba and the activities of its government. By focusing on eight key areas, including human development, internal opposition, and migration, Lamrani shows how the media systematically shapes our understanding of Cuban reality. This book, provides an alternative view, combining a scholar's eye for complexity with a journalist's hunger for the facts"--</subfield>
      <subfield code="c">Provided by publisher.</subfield>
   </datafield>
   <datafield ind1=" " ind2=" " tag="596">
      <subfield code="a">43</subfield>
   </datafield>
   <datafield ind1="0" ind2="0" tag="630">
      <subfield code="a">País (Madrid, Spain)</subfield>
   </datafield>
   <datafield ind1=" " ind2="0" tag="650">
      <subfield code="a">Spanish newspapers</subfield>
      <subfield code="x">Objectivity.</subfield>
   </datafield>
   <datafield ind1=" " ind2="0" tag="650">
      <subfield code="a">Journalism</subfield>
      <subfield code="x">Objectivity</subfield>
      <subfield code="z">Spain.</subfield>
   </datafield>
   <datafield ind1=" " ind2="0" tag="651">
      <subfield code="a">Cuba</subfield>
      <subfield code="x">Press coverage</subfield>
      <subfield code="z">Spain.</subfield>
   </datafield>
   <datafield ind1="1" ind2=" " tag="700">
      <subfield code="a">Oberg, Larry R.,</subfield>
      <subfield code="e">translator.</subfield>
   </datafield>
   <datafield ind1=" " ind2=" " tag="949">
      <subfield code="a">PN 5319 M33 P355 2015</subfield>
      <subfield code="h">UAHS-B</subfield>
      <subfield code="i">0162035242245</subfield>
   </datafield>
   <datafield ind1=" " ind2=" " tag="926">
      <subfield code="a">PN 5319 M33 P355 2015</subfield>
      <subfield code="w">LC</subfield>
      <subfield code="c">1</subfield>
      <subfield code="i">0162035242245</subfield>
      <subfield code="d">3/15/2015</subfield>
      <subfield code="e">3/8/2015</subfield>
      <subfield code="l">ON_SHELF</subfield>
      <subfield code="m">UAHSS</subfield>
      <subfield code="n">2</subfield>
      <subfield code="p">$150.00</subfield>
      <subfield code="r">Y</subfield>
      <subfield code="s">Y</subfield>
      <subfield code="t">BOOK</subfield>
      <subfield code="u">2/26/2015</subfield>
   </datafield>
</record>
